@book{cuadernococinafacil,
author = {Blanca H. Cabrera Mendoza},
title = {Mi Cuaderno de Cocina Fácil},
year = {2004},
publisher = {Blanca H. Cabrera Mendoza},
}

@mvbook{nestlealimbienII1987,
author = {Ana Cecilia Arboleda},
title = {Aliméntese Bien},
year = {1987},
volume = {2},
volumes = {3},
publisher = {NESTLÉ DE COLOMBIA S.A.},
}

@mvbook{nestlealimbienIII1987,
author = {Ana Cecilia Arboleda},
title = {Aliméntese Bien},
year = {1987},
volume = {3},
volumes = {3},
publisher = {NESTLÉ DE COLOMBIA S.A.},
}